
@article{aghezzaf2007,
  title={An integrated production and preventive maintenance planning model},
  author={E.H. Aghezzaf and Jamali, M.A. and Ait-Kadi, D.},
  journal={European Journal of Operational Research},
  volume={181},
  number={2},
  pages={679--685},
  year={2007},
  publisher={Elsevier}
}

@article{aghezzaf2008,
  title={Integrated production planning and preventive maintenance in deteriorating production systems},
  author={Aghezzaf, E.H. and Najid, N.M.},
  journal={Information Sciences},
  volume={178},
  number={17},
  pages={3382--3392},
  year={2008},
  publisher={Elsevier}
}

@article{najid2011,
  title={An integrated production and maintenance planning model with time windows and shortage cost},
  author={Najid, N.M. and Alaoui-Selsouli, M. and Mohafid, A.},
  journal={International Journal of Production Research},
  volume={49},
  number={8},
  pages={2265--2283},
  year={2011},
  publisher={Taylor \& Francis}
}


@article{rezg2004,
  title={Joint optimization of preventive maintenance and inventory control in a production line using simulation},
  author={Rezg, N. and Xie, X. and Mati, Y.},
  journal={International Journal of Production Research},
  volume={42},
  number={10},
  pages={2029--2046},
  year={2004},
  publisher={Taylor \& Francis}
}

@article{ma2010,
  title={A survey of scheduling with deterministic machine availability constraints},
  author={Ma, Y. and Chu, C. and Zuo, C.},
  journal={Computers \& Industrial Engineering},
  volume={58},
  number={2},
  pages={199--211},
  year={2010},
  publisher={Elsevier}
}

@article{lee1996,
  title={Machine scheduling with an availability constraint},
  author={Lee, C.Y.},
  journal={Journal of Global Optimization},
  volume={9},
  number={3-4},
  pages={395--416},
  year={1996},
  publisher={Springer}
}

@article{schmidt2000,
  title={Scheduling with limited machine availability},
  author={Schmidt, G.},
  journal={European Journal of Operational Research},
  volume={121},
  number={1},
  pages={1--15},
  year={2000},
  publisher={Elsevier}
}

@article{lee2000,
  title={Scheduling jobs and maintenance activities on parallel machines},
  author={Lee, C.Y. and Chen, Z.L.},
  journal={Naval Research Logistics (NRL)},
  volume={47},
  number={2},
  pages={145--165},
  year={2000},
  publisher={Wiley Online Library}
}

@article{cassady2005,
  title={Integrating preventive maintenance planning and production scheduling for a single machine},
  author={Cassady, C.R. and Kutanoglu, E.},
  journal={IEEE Transactions on Reliability},
  volume={54},
  number={2},
  pages={304--309},
  year={2005},
  publisher={IEEE}
}

@article{kubzin2006,
  title={Planning machine maintenance in two-machine shop scheduling},
  author={Kubzin, M.A. and Strusevich, V.A.},
  journal={Operations Research},
  volume={54},
  number={4},
  pages={789--800},
  year={2006},
  publisher={INFORMS}
}


@book{mobley2002,
  title={An introduction to predictive maintenance},
  author={Mobley, R.K.},
  year={2002},
  publisher={Elsevier}
}

@article{wang2002,
  title={A survey of maintenance policies of deteriorating systems},
  author={Wang, H.},
  journal={European Journal of Operational Research},
  volume={139},
  number={3},
  pages={469--489},
  year={2002},
  publisher={Elsevier}
}

@article{ullman1975np,
  title={NP-complete scheduling problems},
  author={Ullman, J.D.},
  journal={Journal of Computer and System sciences},
  volume={10},
  number={3},
  pages={384--393},
  year={1975},
  publisher={Academic Press}
}
